% Encoding: UTF-8

@Article{,
}

@Article{de1978syntactic,
  author    = {De Guzman, Videa P},
  title     = {Syntactic derivation of Tagalog verbs},
  journal   = {Oceanic linguistics special publications},
  year      = {1978},
  number    = {16},
  pages     = {i--414},
  publisher = {JSTOR},
}

@InCollection{richards2000another,
  author    = {Richards, Norvin},
  title     = {Another look at Tagalog subjects},
  booktitle = {Formal issues in Austronesian linguistics},
  year      = {2000},
  publisher = {Springer},
  pages     = {105--116},
}

@PhdThesis{pearson2001clause,
  author = {Pearson, Joel Matthew},
  title  = {The clause structure of Malagasy: A minimalist approach},
  year   = {2001},
  school = {UCLA},
}

@Article{rackowski2005phase,
  author    = {Rackowski, Andrea and Richards, Norvin},
  title     = {Phase edge and extraction: A Tagalog case study},
  journal   = {Linguistic Inquiry},
  year      = {2005},
  volume    = {36},
  number    = {4},
  pages     = {565--599},
  publisher = {MIT Press},
}

@InCollection{paul2006ergativity,
  author    = {Paul, Ileana and Travis, Lisa},
  title     = {Ergativity in Austronesian languages},
  booktitle = {Ergativity},
  year      = {2006},
  publisher = {Springer},
  pages     = {315--335},
}

@PhdThesis{de1976syntactic,
  author = {De Guzman, Videa P},
  title  = {Syntactic derivation of Tagalog verbs},
  year   = {1976},
}

@Article{payne1982role,
  author    = {Payne, Thomas E},
  title     = {Role and reference related subject properties and ergativity in Yup'ik Eskimo and Tagalog},
  journal   = {Studies in Language. International Journal sponsored by the Foundation “Foundations of Language”},
  year      = {1982},
  volume    = {6},
  number    = {1},
  pages     = {75--106},
  publisher = {John Benjamins Publishing Company},
}

@PhdThesis{liao2004transitivity,
  author = {Liao, Hsiu-chuan},
  title  = {Transitivity and ergativity in Formosan and Philippine languages},
  year   = {2004},
}

@Article{aldridge2012antipassive,
  author    = {Aldridge, Edith},
  title     = {Antipassive and ergativity in Tagalog},
  journal   = {Lingua},
  year      = {2012},
  volume    = {122},
  number    = {3},
  pages     = {192--203},
  publisher = {Elsevier},
}

@PhdThesis{rackowski2002structure,
  author = {Rackowski, Andrea},
  title  = {The structure of Tagalog: Specificity, voice, and the distribution of arguments},
  year   = {2002},
  school = {Massachusetts Institute of Technology},
}

@Article{foley2008place,
  author  = {Foley, William A},
  title   = {The place of Philippine languages in a typology of voice systems},
  journal = {Voice and grammatical relations in Austronesian languages},
  year    = {2008},
  pages   = {22--44},
}

@PhdThesis{chen2017reexamination,
  author = {Chen, Victoria},
  title  = {A reexamination of the Philippine-type voice system and its implications for Austronesian primary-level subgrouping},
  year   = {2017},
  school = {PhD thesis, U of Hawaii},
}

@Article{polinsky2017syntactic,
  author    = {Polinsky, Maria},
  title     = {Syntactic ergativity},
  journal   = {The Wiley Blackwell Companion to Syntax, Second Edition},
  year      = {2017},
  pages     = {1--37},
  publisher = {Wiley Online Library},
}

@Article{polinsky2017antipassive,
  author    = {Polinsky, Maria},
  title     = {Antipassive},
  journal   = {The Oxford handbook of ergativity},
  year      = {2017},
  publisher = {Oxford University Press},
}

@Article{dixon1979ergativity,
  author    = {Dixon, Robert MW},
  title     = {Ergativity},
  journal   = {Language},
  year      = {1979},
  pages     = {59--138},
  publisher = {JSTOR},
}

@Book{dixon1994ergativity,
  author    = {Dixon, Robert MW and Dixon, Robert MW},
  title     = {Ergativity},
  year      = {1994},
  publisher = {Cambridge University Press},
}

@PhdThesis{manning1994ergativity,
  author = {Manning, Christopher D},
  title  = {Ergativity: Argument structure and grammatical relations},
  year   = {1994},
  school = {stanford university},
}

@Article{pearson2005malagasy,
  author    = {Pearson, Matthew},
  title     = {The Malagasy subject/topic as an A′-element},
  journal   = {Natural Language \& Linguistic Theory},
  year      = {2005},
  volume    = {23},
  number    = {2},
  pages     = {381--457},
  publisher = {Springer},
}

@Article{baker1985mirror,
  author    = {Baker, Mark},
  title     = {The mirror principle and morphosyntactic explanation},
  journal   = {Linguistic inquiry},
  year      = {1985},
  volume    = {16},
  number    = {3},
  pages     = {373--415},
  publisher = {JSTOR},
}

@Book{blust2013austronesian,
  author    = {Blust, Robert},
  title     = {The Austronesian languages},
  year      = {2013},
  publisher = {Asia-Pacific Linguistics},
}

@Article{huang2005split,
  author  = {Huang, Shuan-fan},
  title   = {Split O in Formosan languages----A localist interpretation},
  journal = {Language and Linguistics},
  year    = {2005},
  volume  = {6},
  number  = {4},
  pages   = {783--806},
}

@Article{campbell2000valency,
  author    = {Campbell, Lyle},
  title     = {Valency-changing derivations in K’iche’},
  journal   = {Changing valency: case studies in transitivity},
  year      = {2000},
  pages     = {236--281},
  publisher = {Cambridge University Press},
}

@Article{cooreman1994functional,
  author    = {Cooreman, Ann},
  title     = {A functional typology of antipassives},
  journal   = {Voice: Form and function},
  year      = {1994},
  volume    = {49},
  pages     = {88},
  publisher = {Amsterdam: John Benjamins},
}

@PhdThesis{heaton2017typology,
  author = {Heaton, Raina},
  title  = {A typology of antipassives, with special reference to Mayan},
  year   = {2017},
  school = {University of Hawai'i at Manoa},
}

@Article{wolff1973verbal,
  author  = {Wolff, John U},
  title   = {verbal inflection in Proto-Austronesian},
  journal = {Parangal kay Cecilio Lopez},
  year    = {1973},
  volume  = {71},
  pages   = {91},
}

@InCollection{ross2009proto,
  author    = {Ross, Malcolm and others},
  title     = {Proto Austronesian verbal morphology: A reappraisal},
  booktitle = {Austronesian historical linguistics and culture history: A festschrift for Robert Blust},
  year      = {2009},
  publisher = {Pacific Linguistics},
}

@Article{ross2001history,
  author  = {Ross, Malcolm},
  title   = {The history and transitivity ofwestern Austronesian voice and voice-marking},
  journal = {The history and typology of western Austronesian voice systems},
  year    = {2001},
  pages   = {17},
}

@Article{harley2013external,
  author    = {Harley, Heidi},
  title     = {External arguments and the Mirror Principle: On the distinctness of Voice and v},
  journal   = {Lingua},
  year      = {2013},
  volume    = {125},
  pages     = {34--57},
  publisher = {Elsevier},
}

@Book{pylkkanen2008introducing,
  author    = {Pylkk{\"a}nen, Liina},
  title     = {Introducing arguments},
  year      = {2008},
  volume    = {49},
  publisher = {MIT press},
}

@Article{chung1994wh,
  author    = {Chung, Sandra},
  title     = {Wh-agreement and" referentiality" in Chamorro},
  journal   = {Linguistic inquiry},
  year      = {1994},
  volume    = {25},
  number    = {1},
  pages     = {1--44},
  publisher = {JSTOR},
}

@Book{sandra1998design,
  author    = {Sandra Chung},
  title     = {The design of agreement: Evidence from Chamorro},
  year      = {1998},
  publisher = {University of Chicago Press},
}

@Article{folli2007causation,
  author    = {Folli, Raffaella and Harley, Heidi},
  title     = {Causation, obligation, and argument structure: On the nature of little v},
  journal   = {Linguistic Inquiry},
  year      = {2007},
  volume    = {38},
  number    = {2},
  pages     = {197--238},
  publisher = {MIT Press},
}

@PhdThesis{maclachlan1996aspects,
  author = {Maclachlan, Anna},
  title  = {Aspects of ergativity in Tagalog},
  year   = {1996},
  school = {McGill University},
}

@Article{travis2005agents,
  author  = {Travis, Lisa},
  title   = {Agents and causes in Malagasy and Tagalog},
  journal = {The syntax of aspect: Deriving thematic and aspectual interpretation},
  year    = {2005},
  pages   = {174--189},
}

@InProceedings{alboiu2013case,
  author    = {Alboiu, Gabriela and Hill, Virginia},
  title     = {The case of A-bar ECM: Evidence from Romanian},
  booktitle = {NELS 42: Proceedings of the 42nd Annual Meeting of the North East Linguistic Society},
  year      = {2013},
  volume    = {1},
}

@Article{liu2011complementation,
  author  = {Liu, Tsai-hsiu},
  title   = {Complementation in three Formosan languages—Amis, Mayrinax Atayal and Tsou},
  journal = {University of Hawai’i PhD dissertation},
  year    = {2011},
}

@InProceedings{chen2016raising,
  author       = {Chen, Victoria and Fukuda, Shin},
  title        = {Raising to object out of CP as embedded left dislocations: evidence from three Formosan languages},
  booktitle    = {33rd West Coast Conference on Formal Linguistics},
  year         = {2016},
  organization = {Cascadilla Proceedings Project},
  pages        = {88--98},
}

@Article{halpert2015right,
  author    = {Halpert, Claire and Zeller, Jochen},
  title     = {Right dislocation and raising-to-object in Zulu},
  journal   = {The Linguistic Review},
  year      = {2015},
  volume    = {32},
  number    = {3},
  pages     = {475--513},
  publisher = {De Gruyter},
}

@Article{davies2005madurese,
  author    = {Davies, William D},
  title     = {Madurese prolepsis and its implications for a typology of raising},
  journal   = {Language},
  year      = {2005},
  pages     = {645--665},
  publisher = {JSTOR},
}

@InProceedings{kurniawan2011does,
  author    = {Kurniawan, Eri},
  title     = {Does Sundanese have prolepsis and/or raising-to-object constructions},
  booktitle = {Proceedings of the 18th Annual Meeting of the Austronesian Formal Linguistics Society (AFLA 18)},
  year      = {2011},
  pages     = {16--30},
}

@Article{potsdam2001richard,
  author  = {Potsdam, Eric and Runner, Jeffrey},
  title   = {Richard returns: Copy raising and its implications},
  journal = {Proceedings of CLS},
  year    = {2001},
  volume  = {37},
  pages   = {453--468},
}

@InProceedings{aissen1976clause,
  author    = {Aissen, Judith and Perlmutter, David M},
  title     = {Clause reduction in Spanish},
  booktitle = {Annual Meeting of the Berkeley Linguistics Society},
  year      = {1976},
  volume    = {2},
  pages     = {1--30},
}

@Article{aissen1983studies,
  author    = {Aissen, Judith and Perlmutter, David},
  title     = {Studies in relational grammar 1},
  year      = {1983},
  publisher = {University of Chicago Press},
}

@Book{levin1995unaccusativity,
  author    = {Levin, Beth and Hovav, Malka Rappaport and Keyser, Samuel Jay},
  title     = {Unaccusativity: At the syntax-lexical semantics interface},
  year      = {1995},
  volume    = {26},
  publisher = {MIT press},
}

@Article{haspelmath1993more,
  author  = {Haspelmath, Martin},
  title   = {More on the typology of inchoative/causative verb alternations},
  journal = {Causatives and transitivity},
  year    = {1993},
  volume  = {23},
  pages   = {87--121},
}

@Article{mithun1994implications,
  author  = {Mithun, Marianne},
  title   = {The implications of ergativity for a Philippine voice system},
  journal = {Voice: Form and function},
  year    = {1994},
  pages   = {247--277},
}

@Article{alexiadou2006properties,
  author  = {Alexiadou, Artemis and Anagnostopoulou, Elena and Sch{\"a}fer, Florian},
  title   = {The properties of anticausatives crosslinguistically},
  journal = {Phases of interpretation},
  year    = {2006},
  volume  = {91},
  pages   = {187--211},
}

@Article{tanaka2002raising,
  author    = {Tanaka, Hidekazu},
  title     = {Raising to object out of CP},
  journal   = {Linguistic Inquiry},
  year      = {2002},
  volume    = {33},
  number    = {4},
  pages     = {637--652},
  publisher = {MIT Press},
}

@Article{gerdts1988antipassives,
  author    = {Gerdts, Donna B},
  title     = {Antipassives and causatives in Ilokano: Evidence for an ergative analysis},
  journal   = {Studies in Austronesian linguistics},
  year      = {1988},
  number    = {76},
  pages     = {295},
  publisher = {Ohio University Center for International Studies Athens},
}

@PhdThesis{aldridge2004ergativity,
  author = {Aldridge, Edith},
  title  = {Ergativity and word order in Austronesian languages},
  year   = {2004},
  school = {Cornell University},
}

@Article{aldridge2008generative,
  author    = {Aldridge, Edith},
  title     = {Generative approaches to ergativity},
  journal   = {Language and Linguistics Compass},
  year      = {2008},
  volume    = {2},
  number    = {5},
  pages     = {966--995},
  publisher = {Wiley Online Library},
}

@Article{anderson1976notion,
  author    = {Anderson, Stephen R},
  title     = {On the notion of subject in ergative languages},
  journal   = {Subject and topic},
  year      = {1976},
  volume    = {1},
  pages     = {23},
  publisher = {Academic Press New York},
}

@InCollection{kratzer1996severing,
  author    = {Kratzer, Angelika},
  title     = {Severing the external argument from its verb},
  booktitle = {Phrase structure and the lexicon},
  year      = {1996},
  publisher = {Springer},
  pages     = {109--137},
}

@Book{schafer2008syntax,
  author    = {Sch{\"a}fer, Florian},
  title     = {The syntax of (anti-) causatives: External arguments in change-of-state contexts},
  year      = {2008},
  volume    = {126},
  publisher = {John Benjamins Publishing},
}

@Article{woolford2006lexical,
  author    = {Woolford, Ellen},
  title     = {Lexical case, inherent case, and argument structure},
  journal   = {Linguistic inquiry},
  year      = {2006},
  volume    = {37},
  number    = {1},
  pages     = {111--130},
  publisher = {MIT Press},
}

@Misc{ippolito2000remarks,
  author    = {Ippolito, Michela},
  title     = {Remarks on the argument structure of Romance causatives. Ms},
  year      = {2000},
  publisher = {MIT},
}

@Thesis{tubino2010contrasting,
  author    = {Tubino Blanco, Mercedes},
  title     = {Contrasting causatives: A minimalist approach},
  year      = {2010},
  publisher = {The University of Arizona.},
}

@InProceedings{aldridge2017phi,
  author    = {Aldridge, Edith},
  title     = {$\phi$-Feature Competition: A unified approach to the Austronesian extraction restriction},
  booktitle = {Proceedings of the 52nd meeting of the Chicago Linguistic Society (CLS)},
  year      = {2017},
  volume    = {52},
}

@Book{legate2014voice,
  author    = {Legate, Julie Anne},
  title     = {Voice and v: Lessons from Acehnese},
  year      = {2014},
  volume    = {69},
  publisher = {MIT Press},
}

@Book{kayne1975french,
  author    = {Kayne, Richard S},
  title     = {French syntax: The transformational cycle},
  year      = {1975},
  volume    = {30},
  publisher = {MIT press Cambridge, MA},
}

@Article{harley2008causative,
  author    = {Harley, Heidi},
  title     = {On the causative construction},
  journal   = {Handbook of Japanese linguistics},
  year      = {2008},
  pages     = {20--53},
  publisher = {Oxford University Press Oxford},
}

@Book{chomsky1993lectures,
  author    = {Chomsky, Noam},
  title     = {Lectures on government and binding: The Pisa lectures},
  year      = {1993},
  number    = {9},
  publisher = {Walter de Gruyter},
}

@Book{chomsky1986barriers,
  author    = {Chomsky, Noam},
  title     = {Barriers},
  year      = {1986},
  volume    = {13},
  publisher = {MIT press},
}

@PhdThesis{harley1995subjects,
  author = {Harley, Heidi Britton},
  title  = {Subjects, events, and licensing},
  year   = {1995},
  school = {Massachusetts Institute of Technology},
}

@Article{merchant2008asymmetry,
  author    = {Merchant, Jason},
  title     = {An asymmetry in voice mismatches in VP-ellipsis and pseudogapping},
  journal   = {Linguistic Inquiry},
  year      = {2008},
  volume    = {39},
  number    = {1},
  pages     = {169--179},
  publisher = {MIT Press},
}

@Book{marantz1984nature,
  author    = {Marantz, Alec},
  title     = {On the Nature of Grammatical Relations, vol. 10 of Linguistic Inquiry Monographs},
  year      = {1984},
  publisher = {MIT Press, Cambridge, Ma},
}

@Article{reinhart2000theta,
  author    = {Reinhart, Tanya},
  title     = {The theta system: Syntactic realization of verbal concepts},
  journal   = {OTS working papers in linguistics},
  year      = {2000},
  publisher = {MIT press},
}

@Article{roeper1987implicit,
  author    = {Roeper, Thomas},
  title     = {Implicit arguments and the head-complement relation},
  journal   = {Linguistic Inquiry},
  year      = {1987},
  volume    = {18},
  number    = {2},
  pages     = {267--310},
  publisher = {JSTOR},
}

@Book{cauquelin2015nanwang,
  author    = {Cauquelin, Josiane},
  title     = {Nanwang Puyuma-English Dictionary},
  year      = {2015},
  publisher = {Institute of Linguistics, Academia Sinica},
}

@Article{cole1976causative,
  author  = {Cole, Peter},
  title   = {A causative construction in Modern Hebrew: theoretical implications},
  journal = {Studies in Modern Hebrew syntax and semantics},
  year    = {1976},
  pages   = {99--128},
}

@Book{owens1985grammar,
  author    = {Owens, Jonathan},
  title     = {A grammar of Harar Oromo (Northeastern Ethiopia): Including a text and a glossary},
  year      = {1985},
  volume    = {4},
  publisher = {Buske Verlag},
}

@Article{wu2013syntax,
  author  = {Wu, Chunming},
  title   = {The syntax of linking constructions in Mayrinax Atayal and Sinvaudjan Paiwan},
  journal = {Hsinchu: National Tsing Hua University (Ph. D. dissertation)},
  year    = {2013},
}

@Book{lee1992hyentaykwuke,
  author  = {Lee, JH},
  title   = {Hyentaykwuke mwunpeplon [Modern Korean grammar]},
  year    = {1992},
  journal = {Seoul: Korean Textbooks Company},
}

@Article{kuno1976subject,
  author    = {Kuno, Susumu},
  title     = {Subject raising},
  journal   = {Japanese generative grammar},
  year      = {1976},
  publisher = {Academic Press},
}

@Article{yoon2007raising,
  author    = {Yoon, James H},
  title     = {Raising of major arguments in Korean and Japanese},
  journal   = {Natural Language \& Linguistic Theory},
  year      = {2007},
  volume    = {25},
  number    = {3},
  pages     = {615--653},
  publisher = {Springer},
}

@InProceedings{higgins1981proleptic,
  author    = {Higgins, F Roger},
  title     = {Proleptic Objects and Verbs of Perception in Zacapoaxtla Nahuat in Nahuatl Studies. In Memory of Fernando Horcasitas.},
  booktitle = {Texas Linguistic Forum},
  year      = {1981},
  number    = {18},
  pages     = {69--88},
}

@Book{susi2001infinitives,
  author    = {Susi, Wurmbrand},
  title     = {Infinitives: Restructuring and clause structure},
  year      = {2001},
  publisher = {Berlin/New York, Mouton de Gruyter Google Scholar},
}

@InProceedings{law2011raising,
  author       = {Law, Paul},
  title        = {Raising in Tagalog},
  booktitle    = {Proceedings of the 28th West Coast Conference on Formal Linguistics},
  year         = {2011},
  organization = {Citeseer},
  pages        = {142--151},
}

@InBook{bobaljik2008s,
  author    = {Bobaljik, Jonathan},
  title     = {Where’s phi? Agreement as a post-syntactic operation. Phitheory: Phi features across interfaces and modules, ed. by Daniel Habour, David Adger, and Susana B{\'e}jar, 295--328},
  year      = {2008},
  publisher = {Oxford University Press},
}

@Article{rizzi1978restructuring,
  author  = {Rizzi, Luigi},
  title   = {A restructuring rule in Italian syntax},
  journal = {Recent transformational studies in European languages},
  year    = {1978},
  volume  = {3},
  pages   = {113--158},
}

@Book{rizzi2013issues,
  author    = {Rizzi, Luigi},
  title     = {Issues in Italian syntax},
  year      = {2013},
  volume    = {11},
  publisher = {Walter de Gruyter},
}

@InProceedings{wurmbrand2014restructuring,
  author    = {Wurmbrand, Susi},
  title     = {Restructuring across the world},
  booktitle = {Complex visibles out there. Proceedings of the Olomouc Linguistics Colloquium},
  year      = {2014},
  pages     = {275--294},
}

@Article{cinque2004restructuring,
  author    = {Cinque, Guglielmo},
  title     = {Restructuring and functional structure},
  journal   = {Structures and beyond. The cartography of syntactic structures},
  year      = {2004},
  volume    = {3},
  pages     = {132--191},
  publisher = {Oxford University Press New York},
}

@Article{chang2011transitivity,
  author  = {Chang, Henry Y},
  title   = {Transitivity, ergativity, and the status of O in Tsou},
  journal = {Language and cognition: festschrift in honor of James HY. Tai on His 70th birthday},
  year    = {2011},
  pages   = {277--308},
}

@Article{chang2015extractions,
  author    = {Chang, Henry Y},
  title     = {Extractions in Tsou causative applicatives},
  journal   = {Lingua Sinica},
  year      = {2015},
  volume    = {1},
  number    = {1},
  pages     = {5},
  publisher = {SpringerOpen},
}

@Book{chang2000reference,
  author  = {Chang, Yung-li},
  title   = {A reference grammar of Kavalan},
  year    = {2000},
  journal = {Formosan Language Series. Taipei: Yuanliu Publishing Co},
}

@Boko{zeitoun2000reference,
  author = {Zeitoun, Elizabeth},
  title  = {A reference grammar of Bunun},
  year   = {2000},
}

@Book{zeitoun2000reference,
  author = {Zeitoun, Elizabeth},
  title  = {A reference grammar of Rukai},
  year   = {2000},
}

@Book{zeitoun2000reference,
  author = {Zeitoun, Elizabeth},
  title  = {A reference grammar of Saisiyat},
  year   = {2000},
}

@Comment{jabref-meta: databaseType:biblatex;}
